<?xml version="1.0" encoding="UTF-8"?><record xmlns="http://www.loc.gov/MARC21/slim" xmlns:cinclude="http://apache.org/cocoon/include/1.0" xmlns:zs="http://www.loc.gov/zing/srw/">
  <leader>00554cz  a2200121n  4500</leader>
  <controlfield tag="001">n  88046129 </controlfield>
  <controlfield tag="003">DLC</controlfield>
  <controlfield tag="005">19890217064939.3</controlfield>
  <controlfield tag="008">881220n| acannaab|          |n ana ||| b</controlfield>
  <datafield tag="010" ind1=" " ind2=" ">
    <subfield code="a">n  88046129 </subfield>
  </datafield>
  <datafield tag="040" ind1=" " ind2=" ">
    <subfield code="a">DNLM</subfield>
    <subfield code="c">DLC</subfield>
  </datafield>
  <datafield tag="110" ind1="2" ind2="0">
    <subfield code="a">Center for Devices and Radiological Health (U.S.).</subfield>
    <subfield code="b">Office of Management Services</subfield>
  </datafield>
  <datafield tag="670" ind1=" " ind2=" ">
    <subfield code="a">Center for Devices and Radiological Health (U.S.). Publications Support Branch. Center for Devices and Radiological Health publications index, Aug. 1988:</subfield>
    <subfield code="b">t.p. (Center for Devices and Radiological Health; Office of Management Services)</subfield>
  </datafield>
</record>